@BOOK{bjarne,
AUTHOR="Bjarne Stroustrup",
TITLE="The C++ Programming Language",
YEAR="2013",
EDITION="4",
ISBN="978-0321563842",
}

@BOOK{bjarne,
AUTHOR="Christopher Hallinan",
TITLE="Embedded Linux Primer: A Practical Real-World Approach",
YEAR="2006",
ISBN="978-0131679849",
}


@BOOK{ansiC,
AUTHOR="Brian W. Kernighan and Dennis M. Ritchie",
TITLE="The C Programming Language",
YEAR="1995",
EDITION="2",
ISBN="007-6092003106",
}


@BOOK{tlcDoc,
TITLE="Texas Instruments TLC5947: Datasheet",
YEAR="2014",
NOTE="24-Channel, 12-Bit PWM LED Driver with Internal Oscillator (Rev. A), PDF"
}

@BOOK{broadcom,
TITLE="Broadcom BCM2835 ARM Peripherals",
YEAR="2012",
NOTE="PDF"
}


@BOOK{raspPiSPI,
TITLE="Raspberry Pi Hardware Documentation. SPI",
NOTE="http://www.raspberrypi.org/documentation/hardware/raspberrypi/spi/
README.md (data dostępu: 09.12.2014)"
}

@BOOK{spi1,
TITLE="Using The SPI Interface",
NOTE="http://www.raspberry-projects.com/pi/programming-in-c/spi/using-the-spi-interface (data dostępu: 09.12.2014)"
}

@BOOK{spi2,
AUTHOR="Gordon Henderson",
TITLE="Understanding SPI on the Raspberry Pi",
NOTE="https://projects.drogon.net/understanding-spi-on-the-raspberry-pi (data dostępu: 09.12.2014)"
}

@BOOK{spi3,
TITLE="Loading I2C, SPI and 1-Wire drivers on the Raspberry Pi under Raspbian wheezy",
NOTE="https://www.modmypi.com/blog/loading-i2c-spi-and-1-wire-drivers-on-the-raspberry-pi-under-raspbian-wheezy (data dostępu: 09.12.2014)"
}

@BOOK{qt,
TITLE="Qt Documentation",
NOTE="http://doc.qt.io/ (data dostępu: 09.12.2014)"
}

